<?xml version="1.0" encoding="UTF-8"?><collection><record><leader>06269ntm a2200589 a 4500</leader><controlfield tag="001">006796349</controlfield><controlfield tag="003">MiAaHDL</controlfield><controlfield tag="005">20190719000000.0</controlfield><controlfield tag="006">m        d        </controlfield><controlfield tag="007">cr bn ---auaua</controlfield><controlfield tag="008">090521q14851520xx            00| ||ara d</controlfield><datafield tag="035" ind1=" " ind2=" "><subfield code="a">(MiU)006796349</subfield></datafield><datafield tag="035" ind1=" " ind2=" "><subfield code="a">sdr-miu006796349</subfield></datafield><datafield tag="040" ind1=" " ind2=" "><subfield code="a">MiU</subfield><subfield code="c">MiU</subfield><subfield code="e">amremm</subfield></datafield><datafield tag="043" ind1=" " ind2=" "><subfield code="a">n-us-mi</subfield></datafield><datafield tag="245" ind1="0" ind2="0"><subfield code="6">880-01</subfield><subfield code="a">[Calligraphic specimen,</subfield><subfield code="f">late 15th or early 16th century].</subfield></datafield><datafield tag="260" ind1=" " ind2=" "><subfield code="a">[Istanbul,</subfield><subfield code="c">1485-1520].</subfield></datafield><datafield tag="300" ind1=" " ind2=" "><subfield code="a">12 panels :</subfield><subfield code="b">paper ;</subfield><subfield code="c">238 x 175 (129 x 95) mm.</subfield></datafield><datafield tag="500" ind1=" " ind2=" "><subfield code="a">Shelfmark: Ann Arbor, University of Michigan, Special Collections Library, Isl. Ms. 244</subfield></datafield><datafield tag="500" ind1=" " ind2=" "><subfield code="a">Origin: In colophon, attributed to "Ḥamd Allāh al-maʻrūf bi-Ibn al-Shaykh," Şeyh Hamdullah of Amasya, with date of transcription is not specified. Colophon is questionable though attribution for most of the kıta'lar is likely accurate would suggest completion in the late 15th or early 16th century. Pieced and mounted at a later date, even late 16th or 17th century, with some repairs and replacements supplied.</subfield></datafield><datafield tag="500" ind1=" " ind2=" "><subfield code="a">Former shelfmark: "335 T. De M. [i.e. Tammaro De Marinis]" on verso of final panel ; "100" inscriped in pencil at opening.</subfield></datafield><datafield tag="500" ind1=" " ind2=" "><subfield code="a">Binding: Pasteboards covered in dark red-brown leather ; hinged together with red-brown leather in accordion format ; doublures in dark slate blue leather with border and area of mandorla and cornerpieces (on reverse) gold-flecked and lined in gold ; upper and lower covers carry superb stamped and gold-painted mandorla (filled with vegetal decoration, compare Déroche class. NSd 7), pendants and cornerpieces, along with gold-painted accents and tooled border in a series of s-shaped stamps approaching a guilloché roll ; overall in good condition with only minor abrasion and lifting of leather at board edges.</subfield></datafield><datafield tag="500" ind1=" " ind2=" "><subfield code="a">Support: Well-burnished laid paper (repaired in many places) pieced and set into an elaborate frame of decorative papers, the outermost being richly colored marbled paper of several types and adjacent to it a border of pieced colored papers, some also gold-flecked ; other decorative papers fill the remaining areas surrounding the text ; specimens and borders mounted on leaves of well-burnished European laid paper.</subfield></datafield><datafield tag="500" ind1=" " ind2=" "><subfield code="a">Decoration: Gold-flecked or painted decorative papers often flank lower panel carrying lines of naskh ; written area (and panels within) surrounded by frames consisting of gold and red-orange rules ; textual dividers in the form of illuminated rosettes.</subfield></datafield><datafield tag="500" ind1=" " ind2=" "><subfield code="a">Script: Exquisite specimen of Ottoman calligraphy ; large line of each page in thuluth ; lines of each page in naskh ; fully vocalized ; each continues a distinct stream of text.</subfield></datafield><datafield tag="500" ind1=" " ind2=" "><subfield code="a">Layout: Written mainly in 6 or 9 lines per page, a large line of thuluth and 5 or 8 compact lines of naskh (alternating pages carrying 5 or 8 lines) with lines in thuluth and those in naskh constituting two distinct streams of text ; written area divided into upper panel accommodating the large line and centered lower panel accommodating the more compact lines ; 8 lines of naskh mainly written on the diagonal.</subfield></datafield><datafield tag="500" ind1=" " ind2=" "><subfield code="a">Collation: Twelve 'panels' hinged together in accordion format ; panels are numbered on the verso with Hindu-Arabic numerals in black ink beginning with ٣.</subfield></datafield><datafield tag="500" ind1=" " ind2=" "><subfield code="a">Colophon: "Scribal," reads: "كتبها حمد الله المعروف بابن الشيخ حامدا الله تعالى على نعمه ومصليا على نبيه محمد واله الطيبين الطاهرين اجمعين"</subfield></datafield><datafield tag="500" ind1=" " ind2=" "><subfield code="a">Explicit: [thuluth] "الخط الحسن نزهة العين وريحانة القلوب انه ولي الهداية والتوفيق" ; [naskh] "اذا استشرت الجاهل اختار لك الباطل"</subfield></datafield><datafield tag="500" ind1=" " ind2=" "><subfield code="a">Incipit: [thuluth] "بسم الله الرحمن الرحيم قال النبي صلى الله عليه وسلم سئل كسرى انوشروان ما ..." ; [naskh] "بسم الله الرحمن الرحيم وبه ثقتي وسئل كسرى ما بالكم اليوم اذ كنتم احق بتعليم الناس اشد استغلالا بالتعلم ..."</subfield></datafield><datafield tag="500" ind1=" " ind2=" "><subfield code="a">Title supplied by cataloguer.</subfield></datafield><datafield tag="500" ind1=" " ind2=" "><subfield code="a">Ms. codex.</subfield></datafield><datafield tag="510" ind1="4" ind2=" "><subfield code="a">Serin, Muhittin. Hat sanatı ve meşhur hattatlar. Istanbul : Kubbealtı Neşriyâtı, 1999, pp.99-108</subfield></datafield><datafield tag="510" ind1="4" ind2=" "><subfield code="a">Serin, Muhittin. “Amerika Birleşik Devletleri’ndeki Bazı Kütüphanelerde Bulunan İslam El Yazma Eserleri ve Michigan Üniversitesi II. Abdülhamid Koleksiyonu,” Akademik Araştırmalar Dergisi 2, 4-5, (2000).</subfield></datafield><datafield tag="510" ind1="4" ind2=" "><subfield code="a">Derman, M. Uğur. Letters in gold : Ottoman calligraphy from the Sakıp Sabancı collection, Istanbul. (New York : Metropolitian Museum of Art : Distributed by H.N. Abrams, c1998),</subfield><subfield code="c">pp.46-49.</subfield></datafield><datafield tag="520" ind1="8" ind2=" "><subfield code="a">Superb album of calligraphy (muraqqaʻ or murakkaa) employing mainly hadīth pertaining to sentiments of Kisrá Anūshirvān (Khosrow or Khusraw I, d.579), with most of the kıt'alar executed by the celebrated Ottoman calligrapher Şeyh Hamdullah of Amasya (d.1520).</subfield></datafield><datafield tag="538" ind1=" " ind2=" "><subfield code="a">Mode of access: Internet.</subfield></datafield><datafield tag="541" ind1=" " ind2=" "><subfield code="c">Purchase ;</subfield><subfield code="a">Acquired by purchase (funds donated by Horace Rackham).</subfield><subfield code="d">1924.</subfield></datafield><datafield tag="546" ind1=" " ind2=" "><subfield code="a">Arabic.</subfield></datafield><datafield tag="561" ind1=" " ind2=" "><subfield code="a">Inscriptions in pencil at opening "100" and on verso of final panel "335 T. De M. [i.e. Tammaro De Marinis]" ; possible inventory mark also on verso of final panel ; clean copy.</subfield></datafield><datafield tag="600" ind1="0" ind2="0"><subfield code="a">Khosrow</subfield><subfield code="b">I,</subfield><subfield code="c">King of Persia,</subfield><subfield code="d">-579</subfield><subfield code="v">Quotations.</subfield></datafield><datafield tag="650" ind1=" " ind2="0"><subfield code="a">Manuscripts, Arabic</subfield><subfield code="z">Michigan</subfield><subfield code="z">Ann Arbor.</subfield></datafield><datafield tag="650" ind1=" " ind2="0"><subfield code="a">Islamic calligraphy</subfield><subfield code="v">Specimens.</subfield></datafield><datafield tag="650" ind1=" " ind2="0"><subfield code="a">Writing, Arabic</subfield><subfield code="v">Specimens.</subfield></datafield><datafield tag="650" ind1=" " ind2="0"><subfield code="a">Calligraphy, Arabic</subfield><subfield code="v">Specimens.</subfield></datafield><datafield tag="650" ind1=" " ind2="0"><subfield code="a">Calligraphy, Ottoman</subfield><subfield code="v">Specimens.</subfield></datafield><datafield tag="650" ind1=" " ind2="0"><subfield code="a">Hadith</subfield><subfield code="v">Texts</subfield><subfield code="v">Early works to 1800.</subfield></datafield><datafield tag="700" ind1="0" ind2=" "><subfield code="a">Abdülhamid</subfield><subfield code="b">II,</subfield><subfield code="c">Sultan of the Turks,</subfield><subfield code="d">1842-1918,</subfield><subfield code="e">former owner.</subfield></datafield><datafield tag="700" ind1="0" ind2=" "><subfield code="6">880-04</subfield><subfield code="a">Şeyh Hamdullah,</subfield><subfield code="d">1436 or 1437-1519 or 1520.</subfield><subfield code="e">calligrapher.</subfield></datafield><datafield tag="773" ind1="0" ind2=" "><subfield code="a">Abdul Hamid Collection.</subfield></datafield><datafield tag="880" ind1="0" ind2=" "><subfield code="6">700-04/</subfield><subfield code="a">شيخ حمد الله،</subfield><subfield code="e">خطاط.</subfield></datafield><datafield tag="880" ind1="0" ind2="0"><subfield code="6">245-01/</subfield><subfield code="a">[مرقع حسن الخط,</subfield><subfield code="f">اواخر القرن 15 او اوائل القرن 16م].</subfield></datafield><datafield tag="CID" ind1=" " ind2=" "><subfield code="a">006796349</subfield></datafield><datafield tag="DAT" ind1="0" ind2=" "><subfield code="a">20190719102636.0</subfield><subfield code="b">20190719000000.0</subfield></datafield><datafield tag="DAT" ind1="1" ind2=" "><subfield code="a">20190719090653.0</subfield><subfield code="b">2019-07-19T16:11:16Z</subfield></datafield><datafield tag="DAT" ind1="2" ind2=" "><subfield code="a">2015-10-02T18:00:03Z</subfield></datafield><datafield tag="CAT" ind1=" " ind2=" "><subfield code="a">SDR-MIU</subfield><subfield code="d">EX LIBRIS - ALEPH</subfield><subfield code="l">prepare.pl-004-008</subfield></datafield><datafield tag="FMT" ind1=" " ind2=" "><subfield code="a">BK</subfield></datafield><datafield tag="HOL" ind1=" " ind2=" "><subfield code="0">sdr-miu006796349</subfield><subfield code="a">MiU</subfield><subfield code="b">SDR</subfield><subfield code="c">MIU</subfield><subfield code="p">mdp.39015079126879</subfield><subfield code="s">MIU</subfield><subfield code="1">006796349</subfield></datafield><datafield tag="974" ind1=" " ind2=" "><subfield code="b">MIU</subfield><subfield code="c">MIU</subfield><subfield code="d">20190719</subfield><subfield code="s">lit-dlps-dc</subfield><subfield code="u">mdp.39015079126879</subfield><subfield code="y">1520</subfield><subfield code="r">pd</subfield><subfield code="q">bib</subfield><subfield code="t">non-US bib date2 &lt; 1896</subfield></datafield></record></collection>